%% This BibTeX bibliography file was created using BibDesk.
%% http://bibdesk.sourceforge.net/


%% Created for Ngoc Dao at 2009-01-13 08:00:09 +0900 


%% Saved with string encoding Unicode (UTF-8) 

@article{Reference12,
	Author = {Georg Klein, David Murray},
	Journal = {In Proc. International Symposium on Mixed and Augmented Reality (ISMAR'07, Nara)},
	Title = {Parallel Tracking and Mapping for Small AR Workspaces}}

@book{Reference11,
	Author = {Gregory Junker},
	Date-Added = {2009-01-13 07:35:54 +0900},
	Date-Modified = {2009-01-13 07:36:32 +0900},
	Publisher = {Apress},
	Title = {Pro OGRE 3D Programming},
	Year = {2006}}

@book{Reference10,
	Author = {OpenGl Architecture Review Board, Dave Shreiner, Mason Woo, Jackie Neider, and Tom Davis},
	Date-Added = {2009-01-13 07:34:02 +0900},
	Date-Modified = {2009-01-13 07:35:40 +0900},
	Edition = {5},
	Publisher = {Addison-Wesley},
	Title = {OpenGL Programming Guide: The Official Guide to Learning OpenGL, Version 2},
	Year = {2005}}

@article{Reference9,
	Author = {Frank Crow},
	Date-Added = {2009-01-13 07:33:10 +0900},
	Date-Modified = {2009-01-13 07:34:01 +0900},
	Journal = {SIGGRAPH},
	Pages = {242-248},
	Title = {Shadow algorithms for computer graphics},
	Year = {1977}}

@techreport{Reference8,
	Author = {Gregory S. Johnson, William R. Mark, and Christopher A. Burns},
	Date-Added = {2009-01-13 07:31:58 +0900},
	Date-Modified = {2009-01-13 07:32:59 +0900},
	Institution = {University of Texas Department of Computer Sciences Technical Report},
	Title = {The irregular z-buffer and its application to shadow mapping},
	Year = {March 2004}}

@article{Reference7,
	Author = {L. Williams},
	Date-Added = {2009-01-13 07:30:28 +0900},
	Date-Modified = {2009-01-13 07:31:43 +0900},
	Journal = {SIGGRAPH},
	Pages = {270-274},
	Title = {Casting curved shadows on curved surfaces},
	Year = {1978}}

@manual{Reference6,
	Date-Added = {2009-01-13 07:28:59 +0900},
	Date-Modified = {2009-01-13 07:30:14 +0900},
	Institution = {IEEE},
	Title = {IEEE 802.11 LAN/MAN Wireless LANS}}

@webpage{Reference5,
	Date-Added = {2009-01-13 07:26:38 +0900},
	Date-Modified = {2009-01-13 07:28:22 +0900},
	Title = {KDDI EZ NaviWalk},
	Url = {http://www.au.kddi.com/ezweb/service/ez_naviwalk/},
	Bdsk-Url-1 = {http://www.au.kddi.com/ezweb/service/ez_naviwalk/}}

@article{Reference4,
	Author = {Yoshinari Kameda, Taisuke Takemasa, and Yuichi Ohta},
	Date-Added = {2009-01-13 07:23:53 +0900},
	Date-Modified = {2009-01-13 07:26:16 +0900},
	Journal = {IEEE and ACM International Symposium on Mixed and Augmented Reality},
	Pages = {151-160},
	Title = {Outdoor see-through vision utilizing surveillance cameras},
	Volume = {ISMAR04},
	Year = {2004}}

@book{Reference3,
	Author = {Yuichi Ohta and Hideyuki Tamura},
	Date-Added = {2009-01-13 07:22:20 +0900},
	Date-Modified = {2009-01-13 07:23:47 +0900},
	Publisher = {Ohmsha},
	Title = {Mixed Reality - Merging Real and Virtual Worlds},
	Year = {1999}}

@article{Reference2,
	Author = {Takahiro Tsuda, Itaru Kitahara, Yoshinari Kameda, and Yuichi Ohta},
	Date-Added = {2009-01-13 07:19:12 +0900},
	Date-Modified = {2009-01-13 07:22:09 +0900},
	Journal = {The 33rd International Conference on the Computer Graphics and Interactive Techniques (SIGGRAPH2006)},
	Title = {Smooth video hopping for surveillance cameras},
	Year = {2006}}

@article{Reference1,
	Abstract = {Ratings Table of EU and Leading Surveillance Societies. 
},
	Date-Added = {2009-01-13 07:15:06 +0900},
	Date-Modified = {2009-01-13 07:18:34 +0900},
	Title = {Ratings Table of EU and Leading Surveillance Societies},
	Url = {http://www.privacyinternational.org/survey/phr2005/phrtable.pdf},
	Bdsk-Url-1 = {http://www.privacyinternational.org/survey/phr2005/phrtable.pdf}}
